<record><leader>00000cas a22000007a 4500</leader><controlfield tag="001">15242272</controlfield><controlfield tag="008">870226d18561856lauwr ne      0    0eng d</controlfield><datafield ind1=" " ind2=" " tag="010"><subfield code="a">sn 86090960 </subfield></datafield><datafield ind1=" " ind2=" " tag="040"><subfield code="a">PPM</subfield><subfield code="b">eng</subfield><subfield code="c">PPM</subfield><subfield code="d">LNP</subfield><subfield code="d">OCLCQ</subfield><subfield code="d">OCLCF</subfield><subfield code="d">OCLCO</subfield><subfield code="d">DLC</subfield></datafield><datafield ind1=" " ind2=" " tag="042"><subfield code="a">msc</subfield></datafield><datafield ind1=" " ind2=" " tag="043"><subfield code="a">n-us-la</subfield></datafield><datafield ind1="0" ind2=" " tag="130"><subfield code="a">Weekly morning comet (Baton Rouge, La. : 1856)</subfield></datafield><datafield ind1="1" ind2="4" tag="245"><subfield code="a">The Weekly morning comet.</subfield></datafield><datafield ind1="3" ind2="0" tag="246"><subfield code="a">Weekly comet</subfield></datafield><datafield ind1=" " ind2=" " tag="260"><subfield code="a">Baton Rouge, La. :</subfield><subfield code="b">Geo. A. Pike</subfield></datafield><datafield ind1=" " ind2=" " tag="310"><subfield code="a">Weekly</subfield></datafield><datafield ind1="0" ind2=" " tag="362"><subfield code="a">Vol. 4, no. 1 (Jan. 6, 1856)-v. 4, no. 51 (Dec. 21, 1856).</subfield></datafield><datafield ind1=" " ind2="0" tag="651"><subfield code="a">Baton Rouge (La.)</subfield><subfield code="v">Newspapers.</subfield></datafield><datafield ind1=" " ind2="7" tag="651"><subfield code="a">Louisiana</subfield><subfield code="z">Baton Rouge.</subfield><subfield code="2">fast</subfield><subfield code="0">(OCoLC)fst01205202</subfield></datafield><datafield ind1=" " ind2="7" tag="655"><subfield code="a">Newspapers.</subfield><subfield code="2">fast</subfield><subfield code="0">(OCoLC)fst01423814</subfield></datafield><datafield ind1=" " ind2=" " tag="752"><subfield code="a">United States</subfield><subfield code="b">Louisiana</subfield><subfield code="c">East Baton Rouge</subfield><subfield code="d">Baton Rouge.</subfield></datafield><datafield ind1="0" ind2=" " tag="775"><subfield code="t">Daily comet (Baton Rouge, La. : 1850)</subfield><subfield code="x">2377-7184</subfield><subfield code="w">(DLC)sn 83016548</subfield><subfield code="w">(OCoLC)9903995</subfield></datafield><datafield ind1="0" ind2=" " tag="775"><subfield code="t">Morning comet</subfield><subfield code="x">2377-8121</subfield><subfield code="w">(DLC)sn 88064473</subfield><subfield code="w">(OCoLC)18102885</subfield></datafield><datafield ind1="0" ind2="0" tag="780"><subfield code="t">Weekly comet (Baton Rouge, La.)</subfield><subfield code="w">(DLC)sn 86053662</subfield></datafield><datafield ind1="0" ind2="7" tag="785"><subfield code="t">Baton Rouge gazette</subfield><subfield code="w">(DLC)sn 88003383</subfield></datafield><datafield ind1="0" ind2="7" tag="785"><subfield code="t">Weekly gazette and comet</subfield><subfield code="w">(DLC)sn 85038555</subfield></datafield><datafield ind1="1" ind2=" " tag="029"><subfield code="a">AU@</subfield><subfield code="b">000020444706</subfield></datafield></record>